<?xml version="1.0" encoding="UTF-8"?><collection xmlns="http://www.loc.gov/MARC21/slim"><record><leader>00369nam--2200121-i-4500</leader><controlfield tag="001">000033193</controlfield><controlfield tag="002">20161230</controlfield><controlfield tag="005">20161230201039</controlfield><controlfield tag="008">060222s1000------------r-----000-0-eng-d</controlfield><datafield ind1=" " ind2=" " tag="245"><subfield code="a">Methods of quantitative micro-analysis.collected by edited by milton r.f.walter</subfield></datafield><datafield ind1=" " ind2=" " tag="260"><subfield code="a">London, Edward Arnold Publ. Ltd. 1955. Xi + 742p</subfield></datafield><datafield ind1=" " ind2=" " tag="700"><subfield code="a">Milton, R.F.  Walter</subfield></datafield><datafield ind1=" " ind2=" " tag="852"><subfield code="a">14919</subfield></datafield></record></collection>